@inproceedings{hund2013practical,
  title={Practical timing side channel attacks against kernel space ASLR},
  author={Hund, Ralf and Willems, Carsten and Holz, Thorsten},
  booktitle={Security and Privacy (SP), 2013 IEEE Symposium on},
  pages={191--205},
  year={2013},
  organization={IEEE}
}

@article{montgomery1985modular,
  title={Modular multiplication without trial division},
  author={Montgomery, Peter L},
  journal={Mathematics of computation},
  volume={44},
  number={170},
  pages={519--521},
  year={1985}
}

@inproceedings{dhem1998practical,
  title={A practical implementation of the timing attack},
  author={Dhem, Jean-Francois and Koeune, Francois and Leroux, Philippe-Alexandre and Mestr{\'e}, Patrick and Quisquater, Jean-Jacques and Willems, Jean-Louis},
  booktitle={Smart Card Research and Applications},
  pages={167--182},
  year={1998},
  organization={Springer}
}

@inproceedings{schindler2000timing,
  title={A timing attack against RSA with the chinese remainder theorem},
  author={Schindler, Werner},
  booktitle={Cryptographic Hardware and Embedded Systems—CHES 2000},
  pages={109--124},
  year={2000},
  organization={Springer}
}

@article{brumley2005remote,
  title={Remote timing attacks are practical},
  author={Brumley, David and Boneh, Dan},
  journal={Computer Networks},
  volume={48},
  number={5},
  pages={701--716},
  year={2005},
  publisher={Elsevier}
}

@inproceedings{hu1992lattice,
  title={Lattice scheduling and covert channels},
  author={Hu, Wei-Ming},
  booktitle={Research in Security and Privacy, 1992. Proceedings., 1992 IEEE Computer Society Symposium on},
  pages={52--61},
  year={1992},
  organization={IEEE}
}

@book{kocc2009cryptographic,
  title={About cryptographic engineering},
  author={Ko{\c{c}}, {\c{C}}etin Kaya},
  year={2009},
  publisher={Springer}
}

@incollection{tsunoo2003cryptanalysis,
  title={Cryptanalysis of DES implemented on computers with cache},
  author={Tsunoo, Yukiyasu and Saito, Teruo and Suzaki, Tomoyasu and Shigeri, Maki and Miyauchi, Hiroshi},
  booktitle={Cryptographic Hardware and Embedded Systems-CHES 2003},
  pages={62--76},
  year={2003},
  publisher={Springer}
}

@incollection{kelsey1998side,
  title={Side channel cryptanalysis of product ciphers},
  author={Kelsey, John and Schneier, Bruce and Wagner, David and Hall, Chris},
  booktitle={Computer Security—ESORICS 98},
  pages={97--110},
  year={1998},
  publisher={Springer}
}

@article{page2002theoretical,
  title={Theoretical use of cache memory as a cryptanalytic side-channel.},
  author={Page, Dan},
  journal={IACR Cryptology ePrint Archive},
  volume={2002},
  pages={169},
  year={2002},
  publisher={Citeseer}
}

@article{rivest1978method,
  title={A method for obtaining digital signatures and public-key cryptosystems},
  author={Rivest, Ronald L and Shamir, Adi and Adleman, Len},
  journal={Communications of the ACM},
  volume={21},
  number={2},
  pages={120--126},
  year={1978},
  publisher={ACM}
}

@Inbook{Koeune2011,
author="Koeune, Fran{\c{c}}ois",
editor="van Tilborg, Henk C. A.
and Jajodia, Sushil",
chapter="Timing Attack",
title="Encyclopedia of Cryptography and Security",
year="2011",
publisher="Springer US",
address="Boston, MA",
pages="1303--1305",
isbn="978-1-4419-5906-5",
doi="10.1007/978-1-4419-5906-5_138",
url="http://dx.doi.org/10.1007/978-1-4419-5906-5_138"
}

@article{canteaut2006understanding,
  title={Understanding cache attacks},
  author={Canteaut, Anne and Lauradoux, Cedric and Seznec, Andre},
  year={2006}
}

@incollection{osvik2006cache,
  title={Cache attacks and countermeasures: the case of AES},
  author={Osvik, Dag Arne and Shamir, Adi and Tromer, Eran},
  booktitle={Topics in Cryptology--CT-RSA 2006},
  pages={1--20},
  year={2006},
  publisher={Springer}
}

@inproceedings{liu2015last,
  title={Last-level cache side-channel attacks are practical},
  author={Liu, Fangfei and Yarom, Yuval and Ge, Qian and Heiser, Gernot and Lee, Ruby B},
  booktitle={IEEE Symposium on Security and Privacy},
  pages={605--622},
  year={2015}
}

@article{oren2015spy,
  title={The Spy in the Sandbox--Practical Cache Attacks in Javascript},
  author={Oren, Yossef and Kemerlis, Vasileios P and Sethumadhavan, Simha and Keromytis, Angelos D},
  journal={arXiv preprint arXiv:1502.07373},
  year={2015}
}

@Inbook{Tria2011,
  author="Tria, Assia
  and Choukri, Hamid",
  editor="van Tilborg, Henk C. A.
  and Jajodia, Sushil",
  chapter="Invasive Attacks",
  title="Encyclopedia of Cryptography and Security",
  year="2011",
  publisher="Springer US",
  address="Boston, MA",
  pages="623--629",
  isbn="978-1-4419-5906-5",
  doi="10.1007/978-1-4419-5906-5_511",
  url="http://dx.doi.org/10.1007/978-1-4419-5906-5_511"
}

@incollection{standaert2010introduction,
  title={Introduction to side-channel attacks},
  author={Standaert, Fran{\c{c}}ois-Xavier},
  booktitle={Secure Integrated Circuits and Systems},
  pages={27--42},
  year={2010},
  publisher={Springer US}
}

@inproceedings{jang2010empirical,
  title={An empirical study of privacy-violating information flows in JavaScript web applications},
  author={Jang, Dongseok and Jhala, Ranjit and Lerner, Sorin and Shacham, Hovav},
  booktitle={Proceedings of the 17th ACM conference on Computer and communications security},
  pages={270--283},
  year={2010},
  organization={ACM}
}

@article{jia2015know,
  title={I know where you've been: Geo-inference attacks via the browser cache},
  author={Jia, Yaoqi and Dong, Xinshu and Liang, Zhenkai and Saxena, Prateek},
  journal={Internet Computing, IEEE},
  volume={19},
  number={1},
  pages={44--53},
  year={2015},
  publisher={IEEE}
}

@inproceedings{van2015clock,
  title={The Clock is Still Ticking: Timing Attacks in the Modern Web},
  author={Van Goethem, Tom and Joosen, Wouter and Nikiforakis, Nick},
  booktitle={Proceedings of the 22nd ACM SIGSAC Conference on Computer and Communications Security},
  pages={1382--1393},
  year={2015},
  organization={ACM}
}

@inproceedings{bortz2007exposing,
  title={Exposing private information by timing web applications},
  author={Bortz, Andrew and Boneh, Dan},
  booktitle={Proceedings of the 16th international conference on World Wide Web},
  pages={621--628},
  year={2007},
  organization={ACM}
}

@inproceedings{felten2000timing,
  title={Timing attacks on web privacy},
  author={Felten, Edward W and Schneider, Michael A},
  booktitle={Proceedings of the 7th ACM conference on Computer and communications security},
  pages={25--32},
  year={2000},
  organization={ACM}
}

@inproceedings{kocher1996timing,
  title={Timing attacks on implementations of Diffie-Hellman, RSA, DSS, and other systems},
  author={Kocher, Paul C},
  booktitle={Advances in Cryptology—CRYPTO’96},
  pages={104--113},
  year={1996},
  organization={Springer}
}

@article{fisher1949statistical,
  title={Statistical tables for biological, agricultural and medical research.},
  author={Fisher, Ronald Aylmer and Yates, Frank and others},
  journal={Statistical tables for biological, agricultural and medical research.},
  number={Ed. 3.},
  year={1949},
  publisher={Oliver and Boyd, Edinburgh}
}

@misc{webworkers,
	title={Web Workers},
    howpublished="\url{https://www.w3.org/TR/workers/}",
    note = "[Accessed: 2016-04-11]"
}

@misc{datenow,
	title={Date.now()},
    howpublished="\url{https://developer.mozilla.org/en-US/docs/Web/JavaScript/Reference/Global_Objects/Date/now}",
    note = "[Accessed: 2016-05-01]"
}



@misc{googlecharts,
	title={Google Charts},
    howpublished="\url{https://developers.google.com/chart/}",
    note = "[Accessed: 2016-04-28]"
}

@misc{webgl,
	title={WebGL},
    howpublished="\url{https://developer.mozilla.org/en-US/docs/Web/API/WebGL_API}",
    note = "[Accessed: 2016-04-30]"
}

@misc{openssl,
	title={OpenSSl},
    howpublished="\url{https://www.openssl.org/}",
    note = "[Accessed: 2016-04-29]"
}

@misc{arraybuffer,
	title={Array Buffer},
    howpublished="\url{https://developer.mozilla.org/en-US/docs/Web/JavaScript/Reference/Global_Objects/ArrayBuffer}",
    note = "[Accessed: 2016-04-27]"
}

@misc{dataview,
	title={Data View},
    howpublished="\url{https://developer.mozilla.org/en-US/docs/Web/JavaScript/Reference/Global_Objects/DataView}",
    note = "[Accessed: 2016-04-27]"
}

@misc{appcachefacts,
	title={Application Cache Facts},
    howpublished="\url{http://appcache.offline.technology/}",
    note = "[Accessed: 2016-04-11]"
}

@misc{princetonunifelten,
	title={Princeton University News},
    howpublished="\url{https://www.princeton.edu/pr/news/00/q4/1205-browser.htm}",
    year={2000},
    note = "[Accessed: 2016-04-22]"
}

@misc{javascriptstats,
	title={ClientSide Scripting Languages Popularity},
    howpublished="\url{http://w3techs.com/technologies/overview/client_side_language/all}",
    note = "[Accessed: 2016-04-10]"
}

@misc{cssvisited,
	title={CSS Visited Pages Disclosure},
    suthor={Clover, A},
    year={2002}
}

@misc{javascriptabout,
	title={JavaScript},
    howpublished="\url{https://developer.mozilla.org/en-US/docs/Web/JavaScript/About_JavaScript}",
    note = "[Accessed: 2016-04-09]"
}

@misc{cacheAPI,
	title={Cache API},
    howpublished="\url{https://developer.mozilla.org/en-US/docs/Web/API/Cache/}",
    year={2016},
    note = "[Accessed: 2016-05-01]"
}

@misc{jshighresolutiontimeapi,
	title={JavaScript HighResolution Time API},
    howpublished="\url{https://developer.mozilla.org/en-US/docs/Web/API/Performance/now}",
    year={2016},
    note = "[Accessed: 2016-04-26]"
}

@misc{typedarrays,
	title={Typed Arrays},
    howpublished="\url{https://developer.mozilla.org/en-US/docs/Web/JavaScript/Typed_arrays}",
    note = "[Accessed: 2016-04-26]"
}

@article{world1999html,
  title={HTML 4.01 specification},
  author={World Wide Web Consortium and others},
  year={1999},
  publisher={World Wide Web Consortium}
}

@article{berjon2014html,
  title={HTML 5.1 specification},
  author={Berjon, Robin and Faulkner, Steve and Leithead, Travis and Navara, Erika Doyle and O’Connor, Edward and Pfeiffer, Silvia and Hickson, Ian},
  journal={W3C Working Draft},
  year={2014}
}

@article{ecma1999262,
  title={262: Ecmascript language specification},
  author={Ecma, ECMA},
  journal={ECMA (European Association for Standardizing Information and Communication Systems), pub-ECMA: adr,},
  year={1999}
}

@misc{howbrowserswork,
  title = {How Browsers Work: Behind the scenes of modern web browsers},
  author = {Garsiel, Tali and Irish, Paul},
  howpublished = {\url{http://www.html5rocks.com/en/tutorials/internals/howbrowserswork/}},
  note = {Accessed: 2016-04-09}
}

@misc{statcounter,
  title = {Stat Counter},
  howpublished = {\url{http://gs.statcounter.com/}},
  note = {Accessed: 2016-04-09}
}

@misc{dom,
  title = {DOM - Document Object Model},
  howpublished = {\url{https://developer.mozilla.org/en-US/docs/Web/API/Document_Object_Model}},
  note = {Accessed: 2016-04-09}
}
